<?xml version="1.0" encoding="UTF-8" ?>
<marc:collection xmlns:marc="http://www.loc.gov/MARC21/slim" xmlns:xsi="http://www.w3.org/2001/XMLSchema-instance" xsi:schemaLocation="http://www.loc.gov/MARC21/slim http://www.loc.gov/standards/marcxml/schema/MARC21slim.xsd">
  <marc:record>
    <marc:leader>01904nam a2200325   4500</marc:leader>
    <marc:controlfield tag="001">6235</marc:controlfield>
    <marc:controlfield tag="003">aeadna</marc:controlfield>
    <marc:controlfield tag="005">20100427135500.0</marc:controlfield>
    <marc:controlfield tag="008">951015m18671870le    |f d   |000 0 ara|d</marc:controlfield>
    <marc:datafield tag="035" ind1=" " ind2=" ">
      <marc:subfield code="a">(Sirsi) 6235</marc:subfield>
    </marc:datafield>
    <marc:datafield tag="040" ind1=" " ind2=" ">
      <marc:subfield code="a">nal</marc:subfield>
      <marc:subfield code="b">ara</marc:subfield>
      <marc:subfield code="e">AACR2</marc:subfield>
    </marc:datafield>
    <marc:datafield tag="041" ind1="0" ind2=" ">
      <marc:subfield code="a">ara</marc:subfield>
    </marc:datafield>
    <marc:datafield tag="050" ind1=" " ind2="4">
      <marc:subfield code="a">PJ6622</marc:subfield>
      <marc:subfield code="b">.B87 1870</marc:subfield>
    </marc:datafield>
    <marc:datafield tag="082" ind1="1" ind2="0">
      <marc:subfield code="a">413.112</marc:subfield>
      <marc:subfield code="b">21</marc:subfield>
    </marc:datafield>
    <marc:datafield tag="090" ind1=" " ind2=" ">
      <marc:subfield code="a">413.112</marc:subfield>
      <marc:subfield code="b">ب س ك ت</marc:subfield>
    </marc:datafield>
    <marc:datafield tag="100" ind1="1" ind2=" ">
      <marc:subfield code="6">880-01</marc:subfield>
      <marc:subfield code="a"></marc:subfield>
      <marc:subfield code="a">البستاني، بطرس بن بولس،</marc:subfield>
      <marc:subfield code="d">1818 أو 1819-1882 أو 1883م.</marc:subfield>
    </marc:datafield>
    <marc:datafield tag="245" ind1="1" ind2="0">
      <marc:subfield code="a">كتاب محيط المحيط :</marc:subfield>
      <marc:subfield code="b"> أي، قاموس مطَول للغة العربية /</marc:subfield>
      <marc:subfield code="c">تأليف بطرس البستاني.</marc:subfield>
    </marc:datafield>
    <marc:datafield tag="246" ind1="3" ind2="0">
      <marc:subfield code="a">محيط المحيط</marc:subfield>
    </marc:datafield>
    <marc:datafield tag="246" ind1="1" ind2="1">
      <marc:subfield code="a">Muhit-al-muhit</marc:subfield>
    </marc:datafield>
    <marc:datafield tag="260" ind1=" " ind2=" ">
      <marc:subfield code="a">[بيروت:</marc:subfield>
      <marc:subfield code="b">د.ن]،</marc:subfield>
      <marc:subfield code="c">[1867-1870]</marc:subfield>
    </marc:datafield>
    <marc:datafield tag="300" ind1=" " ind2=" ">
      <marc:subfield code="a">2 ج.(2308ص) ؛</marc:subfield>
      <marc:subfield code="c">27 سم.</marc:subfield>
    </marc:datafield>
    <marc:datafield tag="500" ind1=" " ind2=" ">
      <marc:subfield code="a">في آخر صفحة من المجلد الأول عبارة: &quot; تم طبع المجلد الأول وذلك في اليوم السابع من شهر آب سنة 1867 والحمد الله على البداية والنهاية&quot;. أما المجلد الثاني فقد ورد في نهاية الصفحة الأخيرة منه:&quot;طبع في بيروت سنة 1870 مسيحية موافقة سنة 1286 هجرية.</marc:subfield>
    </marc:datafield>
    <marc:datafield tag="500" ind1=" " ind2=" ">
      <marc:subfield code="a">في نهاية الصفحة(2307) من المجلد الثاني:&quot; وكان الفراغ من تبييضه بقلم مؤلفه في 12 تموز أحد شهور سنة 1869 مسيحية غربية موافقة سنة 1286 هجرية&quot;</marc:subfield>
    </marc:datafield>
    <marc:datafield tag="505" ind1="0" ind2=" ">
      <marc:subfield code="t">:مج1:أ-ص.-</marc:subfield>
      <marc:subfield code="t">مج2:ض-ي</marc:subfield>
    </marc:datafield>
    <marc:datafield tag="520" ind1=" " ind2=" ">
      <marc:subfield code="a">معجم لغوي/ عربي- عربي.</marc:subfield>
    </marc:datafield>
    <marc:datafield tag="541" ind1=" " ind2=" ">
      <marc:subfield code="a">إهداء/ الكتاب هدية من سمو الشيخ فالح بن ناصر آل ثاني إلى مكتبة مركز الوثائق والدراسات أبو ظبي.</marc:subfield>
    </marc:datafield>
    <marc:datafield tag="546" ind1=" " ind2=" ">
      <marc:subfield code="a">اللغة العربية</marc:subfield>
    </marc:datafield>
    <marc:datafield tag="650" ind1=" " ind2="4">
      <marc:subfield code="a">اللغة العربية</marc:subfield>
      <marc:subfield code="v">معاجم</marc:subfield>
    </marc:datafield>
    <marc:datafield tag="880" ind1="1" ind2=" ">
      <marc:subfield code="6">100-01/(3/r</marc:subfield>
      <marc:subfield code="a">Bustānī, Buṭrus ibn Būlus, $d 1818 or 1819-1882 or 1883.</marc:subfield>
    </marc:datafield>
  </marc:record>
</marc:collection>
